%% LaTeX2e file `thesis.bib'
%% generated by the `filecontents' environment
%% from source `thesis' on 2016/05/28.
%%
@misc{A01,
  author = {Author, A.},
  year = {2001},
  title = {Alpha},
}
